%YAML 1.1
%TAG !u! tag:unity3d.com,2011:
--- !u!1 &3476357779569828358
GameObject:
  m_ObjectHideFlags: 0
  m_CorrespondingSourceObject: {fileID: 0}
  m_PrefabInstance: {fileID: 0}
  m_PrefabAsset: {fileID: 0}
  serializedVersion: 6
  m_Component:
  - component: {fileID: 3476357779569828357}
  - component: {fileID: 3476357779569828355}
  - component: {fileID: 3476357779569828356}
  m_Layer: 0
  m_Name: LongShot
  m_TagString: Untagged
  m_Icon: {fileID: 0}
  m_NavMeshLayer: 0
  m_StaticEditorFlags: 0
  m_IsActive: 1
--- !u!4 &3476357779569828357
Transform:
  m_ObjectHideFlags: 0
  m_CorrespondingSourceObject: {fileID: 0}
  m_PrefabInstance: {fileID: 0}
  m_PrefabAsset: {fileID: 0}
  m_GameObject: {fileID: 3476357779569828358}
  m_LocalRotation: {x: 0, y: 0, z: 0, w: 1}
  m_LocalPosition: {x: 0, y: 0.105, z: 1.222}
  m_LocalScale: {x: 0.47000098, y: 0.30000007, z: 0.25000057}
  m_Children: []
  m_Father: {fileID: 7283974785244457080}
  m_RootOrder: 0
  m_LocalEulerAnglesHint: {x: 0, y: 0, z: 0}
--- !u!33 &3476357779569828355
MeshFilter:
  m_ObjectHideFlags: 0
  m_CorrespondingSourceObject: {fileID: 0}
  m_PrefabInstance: {fileID: 0}
  m_PrefabAsset: {fileID: 0}
  m_GameObject: {fileID: 3476357779569828358}
  m_Mesh: {fileID: -2080375642655452318, guid: 27775722e7076e84887a48f99d862709, type: 3}
--- !u!23 &3476357779569828356
MeshRenderer:
  m_ObjectHideFlags: 0
  m_CorrespondingSourceObject: {fileID: 0}
  m_PrefabInstance: {fileID: 0}
  m_PrefabAsset: {fileID: 0}
  m_GameObject: {fileID: 3476357779569828358}
  m_Enabled: 1
  m_CastShadows: 1
  m_ReceiveShadows: 1
  m_DynamicOccludee: 1
  m_MotionVectors: 1
  m_LightProbeUsage: 1
  m_ReflectionProbeUsage: 1
  m_RenderingLayerMask: 1
  m_RendererPriority: 0
  m_Materials:
  - {fileID: 2100000, guid: 290f397e78acdbc48984da5e2d4c17be, type: 2}
  m_StaticBatchInfo:
    firstSubMesh: 0
    subMeshCount: 0
  m_StaticBatchRoot: {fileID: 0}
  m_ProbeAnchor: {fileID: 0}
  m_LightProbeVolumeOverride: {fileID: 0}
  m_ScaleInLightmap: 1
  m_ReceiveGI: 1
  m_PreserveUVs: 0
  m_IgnoreNormalsForChartDetection: 0
  m_ImportantGI: 0
  m_StitchLightmapSeams: 1
  m_SelectedEditorRenderState: 3
  m_MinimumChartSize: 4
  m_AutoUVMaxDistance: 0.5
  m_AutoUVMaxAngle: 89
  m_LightmapParameters: {fileID: 0}
  m_SortingLayerID: 0
  m_SortingLayer: 0
  m_SortingOrder: 0
--- !u!1 &6002939456434412139
GameObject:
  m_ObjectHideFlags: 0
  m_CorrespondingSourceObject: {fileID: 0}
  m_PrefabInstance: {fileID: 0}
  m_PrefabAsset: {fileID: 0}
  serializedVersion: 6
  m_Component:
  - component: {fileID: 7283974785244457080}
  m_Layer: 12
  m_Name: ARMesh
  m_TagString: Untagged
  m_Icon: {fileID: 0}
  m_NavMeshLayer: 0
  m_StaticEditorFlags: 0
  m_IsActive: 1
--- !u!4 &7283974785244457080
Transform:
  m_ObjectHideFlags: 0
  m_CorrespondingSourceObject: {fileID: 0}
  m_PrefabInstance: {fileID: 0}
  m_PrefabAsset: {fileID: 0}
  m_GameObject: {fileID: 6002939456434412139}
  m_LocalRotation: {x: -0, y: -0, z: -0, w: 1}
  m_LocalPosition: {x: 0, y: 0, z: 0.013}
  m_LocalScale: {x: 1, y: 1, z: 1}
  m_Children:
  - {fileID: 3476357779569828357}
  m_Father: {fileID: 6922804142344758506}
  m_RootOrder: 1
  m_LocalEulerAnglesHint: {x: 0, y: 0, z: 0}
--- !u!1 &6922804141498844200
GameObject:
  m_ObjectHideFlags: 0
  m_CorrespondingSourceObject: {fileID: 0}
  m_PrefabInstance: {fileID: 0}
  m_PrefabAsset: {fileID: 0}
  serializedVersion: 6
  m_Component:
  - component: {fileID: 6922804141498844207}
  m_Layer: 12
  m_Name: FirePoint
  m_TagString: Untagged
  m_Icon: {fileID: 0}
  m_NavMeshLayer: 0
  m_StaticEditorFlags: 0
  m_IsActive: 1
--- !u!4 &6922804141498844207
Transform:
  m_ObjectHideFlags: 0
  m_CorrespondingSourceObject: {fileID: 0}
  m_PrefabInstance: {fileID: 0}
  m_PrefabAsset: {fileID: 0}
  m_GameObject: {fileID: 6922804141498844200}
  m_LocalRotation: {x: 0, y: 0, z: 0, w: 1}
  m_LocalPosition: {x: -0, y: 0.095, z: 1.334}
  m_LocalScale: {x: 1, y: 1, z: 1}
  m_Children: []
  m_Father: {fileID: 6922804142344758506}
  m_RootOrder: 0
  m_LocalEulerAnglesHint: {x: 0, y: 0, z: 0}
--- !u!1 &6922804142344758507
GameObject:
  m_ObjectHideFlags: 0
  m_CorrespondingSourceObject: {fileID: 0}
  m_PrefabInstance: {fileID: 0}
  m_PrefabAsset: {fileID: 0}
  serializedVersion: 6
  m_Component:
  - component: {fileID: 6922804142344758506}
  m_Layer: 12
  m_Name: LongShotThirdPerson
  m_TagString: Untagged
  m_Icon: {fileID: 0}
  m_NavMeshLayer: 0
  m_StaticEditorFlags: 0
  m_IsActive: 1
--- !u!4 &6922804142344758506
Transform:
  m_ObjectHideFlags: 0
  m_CorrespondingSourceObject: {fileID: 0}
  m_PrefabInstance: {fileID: 0}
  m_PrefabAsset: {fileID: 0}
  m_GameObject: {fileID: 6922804142344758507}
  m_LocalRotation: {x: 0.5, y: -0.5, z: -0.5, w: 0.5}
  m_LocalPosition: {x: 0, y: 0, z: 0}
  m_LocalScale: {x: 1, y: 1, z: 1}
  m_Children:
  - {fileID: 6922804141498844207}
  - {fileID: 7283974785244457080}
  - {fileID: 2698835939517281226}
  - {fileID: 4929270501149006104}
  m_Father: {fileID: 0}
  m_RootOrder: 0
  m_LocalEulerAnglesHint: {x: 0, y: -90, z: -90}
--- !u!1001 &3476357779773689689
PrefabInstance:
  m_ObjectHideFlags: 0
  serializedVersion: 2
  m_Modification:
    m_TransformParent: {fileID: 6922804142344758506}
    m_Modifications:
    - target: {fileID: 1534232169439804560, guid: 90ff66bd5287dde4ea8bcf5b914e04e5,
        type: 3}
      propertyPath: m_Name
      value: LongShot_ShootLight
      objectReference: {fileID: 0}
    - target: {fileID: 1534232169439804560, guid: 90ff66bd5287dde4ea8bcf5b914e04e5,
        type: 3}
      propertyPath: m_IsActive
      value: 0
      objectReference: {fileID: 0}
    - target: {fileID: 1534232169439804563, guid: 90ff66bd5287dde4ea8bcf5b914e04e5,
        type: 3}
      propertyPath: m_LocalPosition.x
      value: -0
      objectReference: {fileID: 0}
    - target: {fileID: 1534232169439804563, guid: 90ff66bd5287dde4ea8bcf5b914e04e5,
        type: 3}
      propertyPath: m_LocalPosition.y
      value: 0.095
      objectReference: {fileID: 0}
    - target: {fileID: 1534232169439804563, guid: 90ff66bd5287dde4ea8bcf5b914e04e5,
        type: 3}
      propertyPath: m_LocalPosition.z
      value: 1.334
      objectReference: {fileID: 0}
    - target: {fileID: 1534232169439804563, guid: 90ff66bd5287dde4ea8bcf5b914e04e5,
        type: 3}
      propertyPath: m_LocalRotation.x
      value: 0
      objectReference: {fileID: 0}
    - target: {fileID: 1534232169439804563, guid: 90ff66bd5287dde4ea8bcf5b914e04e5,
        type: 3}
      propertyPath: m_LocalRotation.y
      value: 0
      objectReference: {fileID: 0}
    - target: {fileID: 1534232169439804563, guid: 90ff66bd5287dde4ea8bcf5b914e04e5,
        type: 3}
      propertyPath: m_LocalRotation.z
      value: 0
      objectReference: {fileID: 0}
    - target: {fileID: 1534232169439804563, guid: 90ff66bd5287dde4ea8bcf5b914e04e5,
        type: 3}
      propertyPath: m_LocalRotation.w
      value: 1
      objectReference: {fileID: 0}
    - target: {fileID: 1534232169439804563, guid: 90ff66bd5287dde4ea8bcf5b914e04e5,
        type: 3}
      propertyPath: m_RootOrder
      value: 2
      objectReference: {fileID: 0}
    - target: {fileID: 1534232169439804563, guid: 90ff66bd5287dde4ea8bcf5b914e04e5,
        type: 3}
      propertyPath: m_LocalEulerAnglesHint.x
      value: 0
      objectReference: {fileID: 0}
    - target: {fileID: 1534232169439804563, guid: 90ff66bd5287dde4ea8bcf5b914e04e5,
        type: 3}
      propertyPath: m_LocalEulerAnglesHint.y
      value: 0
      objectReference: {fileID: 0}
    - target: {fileID: 1534232169439804563, guid: 90ff66bd5287dde4ea8bcf5b914e04e5,
        type: 3}
      propertyPath: m_LocalEulerAnglesHint.z
      value: 0
      objectReference: {fileID: 0}
    m_RemovedComponents: []
  m_SourcePrefab: {fileID: 100100000, guid: 90ff66bd5287dde4ea8bcf5b914e04e5, type: 3}
--- !u!4 &2698835939517281226 stripped
Transform:
  m_CorrespondingSourceObject: {fileID: 1534232169439804563, guid: 90ff66bd5287dde4ea8bcf5b914e04e5,
    type: 3}
  m_PrefabInstance: {fileID: 3476357779773689689}
  m_PrefabAsset: {fileID: 0}
--- !u!1001 &3476357779927184088
PrefabInstance:
  m_ObjectHideFlags: 0
  serializedVersion: 2
  m_Modification:
    m_TransformParent: {fileID: 6922804142344758506}
    m_Modifications:
    - target: {fileID: 7655743047877269285, guid: 184f89336a6ff7f4c8a9d5c0226d89a9,
        type: 3}
      propertyPath: m_Name
      value: LongShot_Reload
      objectReference: {fileID: 0}
    - target: {fileID: 7655743047877269285, guid: 184f89336a6ff7f4c8a9d5c0226d89a9,
        type: 3}
      propertyPath: m_IsActive
      value: 0
      objectReference: {fileID: 0}
    - target: {fileID: 8383109432517979072, guid: 184f89336a6ff7f4c8a9d5c0226d89a9,
        type: 3}
      propertyPath: m_LocalPosition.x
      value: 0
      objectReference: {fileID: 0}
    - target: {fileID: 8383109432517979072, guid: 184f89336a6ff7f4c8a9d5c0226d89a9,
        type: 3}
      propertyPath: m_LocalPosition.y
      value: 0.095
      objectReference: {fileID: 0}
    - target: {fileID: 8383109432517979072, guid: 184f89336a6ff7f4c8a9d5c0226d89a9,
        type: 3}
      propertyPath: m_LocalPosition.z
      value: 1.226
      objectReference: {fileID: 0}
    - target: {fileID: 8383109432517979072, guid: 184f89336a6ff7f4c8a9d5c0226d89a9,
        type: 3}
      propertyPath: m_LocalRotation.x
      value: 0
      objectReference: {fileID: 0}
    - target: {fileID: 8383109432517979072, guid: 184f89336a6ff7f4c8a9d5c0226d89a9,
        type: 3}
      propertyPath: m_LocalRotation.y
      value: 0
      objectReference: {fileID: 0}
    - target: {fileID: 8383109432517979072, guid: 184f89336a6ff7f4c8a9d5c0226d89a9,
        type: 3}
      propertyPath: m_LocalRotation.z
      value: 0
      objectReference: {fileID: 0}
    - target: {fileID: 8383109432517979072, guid: 184f89336a6ff7f4c8a9d5c0226d89a9,
        type: 3}
      propertyPath: m_LocalRotation.w
      value: 1
      objectReference: {fileID: 0}
    - target: {fileID: 8383109432517979072, guid: 184f89336a6ff7f4c8a9d5c0226d89a9,
        type: 3}
      propertyPath: m_RootOrder
      value: 3
      objectReference: {fileID: 0}
    - target: {fileID: 8383109432517979072, guid: 184f89336a6ff7f4c8a9d5c0226d89a9,
        type: 3}
      propertyPath: m_LocalEulerAnglesHint.x
      value: 0
      objectReference: {fileID: 0}
    - target: {fileID: 8383109432517979072, guid: 184f89336a6ff7f4c8a9d5c0226d89a9,
        type: 3}
      propertyPath: m_LocalEulerAnglesHint.y
      value: 0
      objectReference: {fileID: 0}
    - target: {fileID: 8383109432517979072, guid: 184f89336a6ff7f4c8a9d5c0226d89a9,
        type: 3}
      propertyPath: m_LocalEulerAnglesHint.z
      value: 0
      objectReference: {fileID: 0}
    m_RemovedComponents: []
  m_SourcePrefab: {fileID: 100100000, guid: 184f89336a6ff7f4c8a9d5c0226d89a9, type: 3}
--- !u!4 &4929270501149006104 stripped
Transform:
  m_CorrespondingSourceObject: {fileID: 8383109432517979072, guid: 184f89336a6ff7f4c8a9d5c0226d89a9,
    type: 3}
  m_PrefabInstance: {fileID: 3476357779927184088}
  m_PrefabAsset: {fileID: 0}
